@article{friston2010free,
  author = {Friston, Karl},
  title = {The free-energy principle: a unified brain theory?},
  journal = {Nature Reviews Neuroscience},
  volume = {11},
  number = {2},
  pages = {127--138},
  year = {2010},
  publisher = {Nature Publishing Group},
  doi = {10.1038/nrn2787}
}

@article{friston2019free,
  author = {Friston, Karl and FitzGerald, Thomas and Rigoli, Francesco and Schwartenbeck, Philipp and Pezzulo, Giovanni},
  title = {Active inference: a process theory},
  journal = {Neural Computation},
  volume = {31},
  number = {1},
  pages = {1--49},
  year = {2019},
  publisher = {MIT Press}
}

@article{hordijk2019raf,
  author = {Hordijk, Wim and Steel, Mike},
  title = {Autocatalytic networks: an intimate relation between network topology and dynamics},
  journal = {Bulletin of Mathematical Biology},
  volume = {81},
  number = {5},
  pages = {1357--1374},
  year = {2019},
  publisher = {Springer},
  doi = {10.1007/s11538-018-00537-6}
}

@article{wei2022cot,
  author = {Wei, Jason and Wang, Xuezhi and Schuurmans, Dale and Bosma, Maarten and Ichter, Brian and Xia, Fei and Chi, Ed and Le, Quoc and Zhou, Denny},
  title = {Chain-of-thought prompting elicits reasoning in large language models},
  journal = {arXiv preprint arXiv:2201.11903},
  year = {2022},
  doi = {10.48550/arXiv.2201.11903}
}

@article{shazeer2017moe,
  author = {Shazeer, Noam and Mirhoseini, Azalia and Maziarz, Krzysztof and Davis, Andy and Hinton, Geoffrey and Le, Quoc and Dean, Jeff},
  title = {Outrageously large neural networks: the sparsely-gated mixture-of-experts layer},
  journal = {arXiv preprint arXiv:1701.06538},
  year = {2017},
  doi = {10.48550/arXiv.1701.06538}
}

@article{lewis2020rag,
  author = {Lewis, Patrick and Perez, Ethan and Piktus, Aleksandra and Petroni, Fabio and Karpukhin, Vladimir and Goyal, Naman and Küttler, Heinrich and Lewis, Mike and Yih, Wen-tau and Rocktäschel, Tim and others},
  title = {Retrieval-augmented generation for knowledge-intensive NLP tasks},
  journal = {Advances in Neural Information Processing Systems},
  volume = {33},
  pages = {9459--9474},
  year = {2020},
  publisher = {Curran Associates, Inc.}
}

@book{rosen1985anticipatory,
  author = {Rosen, Robert},
  title = {Anticipatory Systems: Philosophical, Mathematical, and Methodological Foundations},
  publisher = {Pergamon Press},
  year = {1985},
  isbn = {978-0-08-031158-6}
}

@book{varela1980autopoiesis,
  author = {Maturana, Humberto R. and Varela, Francisco J.},
  title = {Autopoiesis and Cognition: The Realization of the Living},
  publisher = {D. Reidel Publishing Company},
  year = {1980},
  isbn = {978-90-277-1015-4}
}

@article{abramsky2009categorical,
  author = {Abramsky, Samson and Coecke, Bob},
  title = {Categorical quantum mechanics},
  journal = {arXiv preprint arXiv:0808.1023},
  year = {2009},
  doi = {10.48550/arXiv.0808.1023}
}

@book{coecke2017picturing,
  author = {Coecke, Bob and Kissinger, Aleks},
  title = {Picturing Quantum Processes: A First Course in Quantum Theory and Diagrammatic Reasoning},
  publisher = {Cambridge University Press},
  year = {2017},
  isbn = {978-1-107-10422-8}
}

@article{abramsky2011sheaf,
  author = {Abramsky, Samson and Brandenburger, Adam},
  title = {The sheaf-theoretic structure of non-locality and contextuality},
  journal = {New Journal of Physics},
  volume = {13},
  number = {11},
  pages = {113036},
  year = {2011},
  publisher = {IOP Publishing},
  doi = {10.1088/1367-2630/13/11/113036}
}

@book{spivak2014category,
  author = {Spivak, David I.},
  title = {Category Theory for the Sciences},
  publisher = {MIT Press},
  year = {2014},
  isbn = {978-0-262-02813-4}
}